<?xml version="1.0" encoding="UTF-8"?><collection><record><leader>06664ntm a2200673 a 4500</leader><controlfield tag="001">006796301</controlfield><controlfield tag="003">MiAaHDL</controlfield><controlfield tag="005">20190719000000.0</controlfield><controlfield tag="006">m        d        </controlfield><controlfield tag="007">cr bn ---auaua</controlfield><controlfield tag="008">090521q16871688tu            00| ||ara d</controlfield><datafield tag="035" ind1=" " ind2=" "><subfield code="a">(MiU)006796301</subfield></datafield><datafield tag="035" ind1=" " ind2=" "><subfield code="a">sdr-miu006796301</subfield></datafield><datafield tag="040" ind1=" " ind2=" "><subfield code="a">MiU</subfield><subfield code="c">MiU</subfield><subfield code="e">amremm</subfield></datafield><datafield tag="043" ind1=" " ind2=" "><subfield code="a">n-us-mi</subfield></datafield><datafield tag="245" ind1="0" ind2="0"><subfield code="6">880-03</subfield><subfield code="a">[Hilye-yi şerif,</subfield><subfield code="f">1099, i.e. 1687 or 1688].</subfield></datafield><datafield tag="246" ind1="3" ind2=" "><subfield code="a">Hilye-i şerif</subfield></datafield><datafield tag="260" ind1=" " ind2=" "><subfield code="a">[Istanbul?,</subfield><subfield code="c">1687 or 1688].</subfield></datafield><datafield tag="300" ind1=" " ind2=" "><subfield code="a">3 panels :</subfield><subfield code="b">paper ;</subfield><subfield code="c">147 x 285 mm. opening vertically to 438 x 287 mm.</subfield></datafield><datafield tag="500" ind1=" " ind2=" "><subfield code="a">Shelfmark: Ann Arbor, University of Michigan, Special Collections Library, Isl. Ms. 238</subfield></datafield><datafield tag="500" ind1=" " ind2=" "><subfield code="a">Origin: As appears at close, calligraphy executed by ʻUthmān, known as Ḥāfiẓ Kalām al-Wahhāb (i.e. Hafız Osman Efendi) in 1099 [1687 or 8]. Decoration and earlier mounting likely 18th century. Most recent mounting and borders likely 19th century.</subfield></datafield><datafield tag="500" ind1=" " ind2=" "><subfield code="a">Former shelfmark: "546 T.D.M. [i.e. Tammaro De Marinis]" in pencil on reverse of uppermost panel ; "113" in pencil in border adjacent to illuminated headpiece.</subfield></datafield><datafield tag="500" ind1=" " ind2=" "><subfield code="a">Binding: The three pieced panels of the levha are mounted on boards backed with silk, edged and hinged together with red-brown leather, unfolding like a triptych but vertically ; some repairs to the edging in purple leather ; minor hinge repairs in Japanese paper.</subfield></datafield><datafield tag="500" ind1=" " ind2=" "><subfield code="a">Support: European laid paper, well-burnished, pieced and mounted on boards.</subfield></datafield><datafield tag="500" ind1=" " ind2=" "><subfield code="a">Decoration: Illuminated headpiece (ʻunwān / sarlawḥ) appears in a rectangular panel above the baş makam, consisting of a semi-circular piece (dome) filled with a depiction of al-Masjid al-Ḥarām at Mecca (kaʻbah visible) and set off by an outer border of swirling vegetal designs in white, lavender, mint green, pink, gold, etc. on a blue ground with heavy gold and black borders and surmounting vertical stalks (tīgh) ; the same vegetal designs fill the area around the göbek and the koltuklar ; a black and gold frame surrounds the uppermost rectangular panel, the baş makam, the square containing the göbek, hilâl (in gold), and names of the çiharyâr, the ayet and the etek ; bands of turquoise and gold surround the circles with names of the çiharyâr ; textual dividers in the form of illuminated rosettes accent the hilye text ; a heavy border in olive green with gold painted floral accents, itself set-off by white fillets and framed by black and gold bands, surrounds the entire levha.</subfield></datafield><datafield tag="500" ind1=" " ind2=" "><subfield code="a">Script: Exquisite specimen of Ottoman calligraphy ; basmalah (besmele), āyah (ayet) and names of the first four caliphs (çiharyâr) in thuluth (sülüs) ; hilye texts (of the göbek and etek) in naskh (nesih).</subfield></datafield><datafield tag="500" ind1=" " ind2=" "><subfield code="a">Layout: Baș makam with besmele (opening with "انه من سليمان وانه" in small cartouche above "بسم") ; göbek with 9 lines of text ; ayet in a single line ; etek with 4 lines of text.</subfield></datafield><datafield tag="500" ind1=" " ind2=" "><subfield code="a">Collation: Three 'panels' (likely once a single levha, now pieced) hinged together with red-brown leather, opening for display as a levha.</subfield></datafield><datafield tag="500" ind1=" " ind2=" "><subfield code="a">Colophon: "كتبه اضعف الكتاب عثمان المعروف بحافظ كلام الوهاب سنه تسع وتسعين والف"</subfield></datafield><datafield tag="500" ind1=" " ind2=" "><subfield code="a">Explicit: "يقول ناعته لم ار قبله ولا بعده مثله صلى الله عليه وسلم"</subfield></datafield><datafield tag="500" ind1=" " ind2=" "><subfield code="a">Incipit: "عن علي كان اذا وصف النبي صلى الله عليه وسلم قال لم يكن بالطويل الممغط ولا بالقصير المتردد ..."</subfield></datafield><datafield tag="500" ind1=" " ind2=" "><subfield code="a">Title supplied by cataloguer.</subfield></datafield><datafield tag="500" ind1=" " ind2=" "><subfield code="a">Ms. (three panels hinged together).</subfield></datafield><datafield tag="510" ind1="4" ind2=" "><subfield code="a">EI2, "Khaṭṭ."</subfield><subfield code="c">vol. IV, p. 1113, col. 1</subfield></datafield><datafield tag="510" ind1="4" ind2=" "><subfield code="a">Rüstem Ünver. "From Auspicious Ornament to State Symbol: The Crescent Moon in Ottoman Art and Architecture." In The Moon: A Voyage Through Time, edited by Christiane Gruber (Toronto: Aga Khan Museum, 2019): 45-55,</subfield><subfield code="c">p.49-50</subfield></datafield><datafield tag="510" ind1="4" ind2=" "><subfield code="a">Gruber, Christiane and Ashley Dimmig. Pearls of Wisdom : The Arts of Islam at the University of Michigan (Ann Arbor, Michigan : Kelsey Museum of Archaeology, 2014),</subfield><subfield code="c">no.58, p.80 f.</subfield></datafield><datafield tag="510" ind1="4" ind2=" "><subfield code="a">Schick, İrvin Cemil. "The Iconicity of Islamic calligraphy in Turkey." RES: Anthropology and Aesthetics, no. 53/54 (Spring - Autumn, 2008): 211-224.</subfield></datafield><datafield tag="510" ind1="4" ind2=" "><subfield code="a">Serin, Muhittin. “Amerika Birleşik Devletleri’ndeki Bazı Kütüphanelerde Bulunan İslam El Yazma Eserleri ve Michigan Üniversitesi II. Abdülhamid Koleksiyonu,” Akademik Araştırmalar Dergisi 2, 4-5, (2000).</subfield></datafield><datafield tag="510" ind1="4" ind2=" "><subfield code="a">Derman, M. Uğur. Letters in gold : Ottoman calligraphy from the Sakıp Sabancı collection, Istanbul. (New York : Metropolitian Museum of Art : Distributed by H.N. Abrams, c1998),</subfield><subfield code="c">pp.34-37 ; 72-77.</subfield></datafield><datafield tag="510" ind1="4" ind2=" "><subfield code="a">Zakariya, Mohamed. "Islamic calligraphy: A technical overview." In Brocade of the pen: the art of Islamic writing. Carol Garrett Fisher, ed. (East Lansing, MI: Kresge Art Museum, Michigan State University, 1991):</subfield><subfield code="c">1-17</subfield></datafield><datafield tag="510" ind1="4" ind2=" "><subfield code="a">Brocade of the pen : the art of Islamic writing. Carol Garrett Fisher, ed. (East Lansing, MI: Kresge Art Museum, Michigan State University, 1991),</subfield><subfield code="c">no.6, p.83</subfield></datafield><datafield tag="520" ind1="8" ind2=" "><subfield code="a">Exquisite hilye (written depiction of the Prophet) executed by the master who developed this graphic form of the hilye, Hafız Osman Efendi (d.1698). Decoration and mounting later, likely in at least two distinct stages (18th and 19th century).</subfield></datafield><datafield tag="538" ind1=" " ind2=" "><subfield code="a">Mode of access: Internet.</subfield></datafield><datafield tag="541" ind1=" " ind2=" "><subfield code="c">Purchase ;</subfield><subfield code="a">Acquired by purchase (funds donated by Horace Rackham).</subfield><subfield code="d">1924.</subfield></datafield><datafield tag="546" ind1=" " ind2=" "><subfield code="a">Arabic.</subfield></datafield><datafield tag="561" ind1=" " ind2=" "><subfield code="a">Inscriptions in pencil "546 T.D.M. [i.e. Tammaro De Marinis]" in pencil on reverse of uppermost panel ; "113" in pencil in border adjacent to illuminated headpiece ; clean copy.</subfield></datafield><datafield tag="600" ind1="0" ind2="0"><subfield code="a">Muḥammad,</subfield><subfield code="c">Prophet,</subfield><subfield code="d">-632</subfield><subfield code="v">Early works to 1800.</subfield></datafield><datafield tag="650" ind1=" " ind2="0"><subfield code="a">Manuscripts, Arabic</subfield><subfield code="z">Michigan</subfield><subfield code="z">Ann Arbor.</subfield></datafield><datafield tag="650" ind1=" " ind2="0"><subfield code="a">Islam</subfield><subfield code="v">Prayers and devotions</subfield><subfield code="v">Early works to 1800.</subfield></datafield><datafield tag="650" ind1=" " ind2="0"><subfield code="a">Islamic calligraphy</subfield><subfield code="v">Specimens.</subfield></datafield><datafield tag="650" ind1=" " ind2="0"><subfield code="a">Writing, Arabic</subfield><subfield code="v">Specimens.</subfield></datafield><datafield tag="650" ind1=" " ind2="0"><subfield code="a">Calligraphy, Arabic</subfield><subfield code="v">Specimens.</subfield></datafield><datafield tag="650" ind1=" " ind2="0"><subfield code="a">Calligraphy, Ottoman</subfield><subfield code="v">Specimens.</subfield></datafield><datafield tag="655" ind1=" " ind2="7"><subfield code="a">Headpieces (layout features)</subfield><subfield code="y">18th century.</subfield><subfield code="2">aat</subfield></datafield><datafield tag="700" ind1="0" ind2=" "><subfield code="a">Abdülhamid</subfield><subfield code="b">II,</subfield><subfield code="c">Sultan of the Turks,</subfield><subfield code="d">1842-1918,</subfield><subfield code="e">former owner.</subfield></datafield><datafield tag="700" ind1="1" ind2=" "><subfield code="6">880-05</subfield><subfield code="a">Osman, Hâfız,</subfield><subfield code="d">1642-1698,</subfield><subfield code="e">calligrapher.</subfield></datafield><datafield tag="773" ind1="0" ind2=" "><subfield code="a">Abdul Hamid Collection.</subfield></datafield><datafield tag="880" ind1="0" ind2=" "><subfield code="6">700-05/</subfield><subfield code="a">حافظ عثمان,</subfield><subfield code="e">خطاط.</subfield></datafield><datafield tag="880" ind1="0" ind2="0"><subfield code="6">245-03/</subfield><subfield code="a">[حليه شريف,</subfield><subfield code="f">1099ه، 1687 او 1688].</subfield></datafield><datafield tag="CID" ind1=" " ind2=" "><subfield code="a">006796301</subfield></datafield><datafield tag="DAT" ind1="0" ind2=" "><subfield code="a">20190719102636.0</subfield><subfield code="b">20190719000000.0</subfield></datafield><datafield tag="DAT" ind1="1" ind2=" "><subfield code="a">20190719090653.0</subfield><subfield code="b">2019-07-19T16:10:57Z</subfield></datafield><datafield tag="DAT" ind1="2" ind2=" "><subfield code="a">2015-10-10T18:00:06Z</subfield></datafield><datafield tag="CAT" ind1=" " ind2=" "><subfield code="a">SDR-MIU</subfield><subfield code="d">EX LIBRIS - ALEPH</subfield><subfield code="l">prepare.pl-004-008</subfield></datafield><datafield tag="FMT" ind1=" " ind2=" "><subfield code="a">BK</subfield></datafield><datafield tag="HOL" ind1=" " ind2=" "><subfield code="0">sdr-miu006796301</subfield><subfield code="a">MiU</subfield><subfield code="b">SDR</subfield><subfield code="c">MIU</subfield><subfield code="p">mdp.39015088422947</subfield><subfield code="s">MIU</subfield><subfield code="1">006796301</subfield></datafield><datafield tag="974" ind1=" " ind2=" "><subfield code="b">MIU</subfield><subfield code="c">MIU</subfield><subfield code="d">20190719</subfield><subfield code="s">lit-dlps-dc</subfield><subfield code="u">mdp.39015088422947</subfield><subfield code="y">1688</subfield><subfield code="r">pd</subfield><subfield code="q">bib</subfield><subfield code="t">non-US bib date2 &lt; 1879</subfield></datafield></record></collection>